@article{fischer2013virtual,
  title={Virtual network embedding: A survey},
  author={Fischer, Andreas and Botero, Juan Felipe and Beck, Michael Till and De Meer, Hermann and Hesselbach, Xavier},
  journal={IEEE Communications Surveys \& Tutorials},
  volume={15},
  number={4},
  pages={1888--1906},
  year={2013},
  publisher={IEEE}
}

@INPROCEEDINGS{luca-5g-qos,
author={L. Cominardi and L. M. Contreras and C. J. Bcrnardos and I. Berberana},
booktitle={2018 IEEE International Symposium on Broadband Multimedia Systems and Broadcasting (BMSB)},
title={{Understanding QoS Applicability in 5G Transport Networks}},
year={2018},
volume={},
number={},
pages={1-5},
keywords={5G mobile communication;quality of service;telecommunication traffic;mobile traffic;QoS;traffic policy;network slicing;physical infrastructure;5G transport networks;Quality of service;Downlink;5G mobile communication;Uplink;Network slicing;Bandwidth;Logic gates;5G;transport network;QoS;network slicing;characterization;simulation},
doi={10.1109/BMSB.2018.8436847},
ISSN={2155-5052},
month={June},}


@technicalreport{itu,
    title={{Consideration on 5G transport network reference
architecture and bandwidth requirements}},
    author={{ITU-T Study Group 15}},
    date={{Feb. 2018}},
    number={{Contribution 0462}}
}


@ARTICLE{repulsion,
author={J. {Martín-Pérez} and L. {Cominardi} and C. J. {Bernardos} and A. {de la Oliva} and A. {Azcorra}},
journal={IEEE Transactions on Broadcasting},
title={Modeling Mobile Edge Computing Deployments for Low Latency Multimedia Services},
year={2019},
volume={65},
number={2},
pages={464-474},
keywords={3G mobile communication;broadband networks;cellular radio;mobile computing;multimedia communication;radio receivers;stochastic processes;telecommunication traffic;virtual reality;inhomogeneous Poisson point;hard-core repulsion;model feasible MEC infrastructure deployments;mobile network operator;MEC PoPs;associated base stations;modeling mobile edge;low latency multimedia services;multiaccess edge computing technologies;network bandwidth;virtual reality;MEC points;expected traffic;5G mobile communication;Nonhomogeneous media;Sociology;Statistics;Solid modeling;Base stations;Edge computing;5G;MEC;point process;deployment;characterization;network slicing;streaming;low latency;augmented reality;virtual reality},
doi={10.1109/TBC.2019.2901406},
ISSN={},
month={June},}

